<?xml version="1.0" encoding="UTF-8"?><record xmlns="http://www.loc.gov/MARC21/slim" xmlns:cinclude="http://apache.org/cocoon/include/1.0" xmlns:zs="http://www.loc.gov/zing/srw/">
  <leader>00769cz  a2200205n  4500</leader>
  <controlfield tag="001">no2006002340</controlfield>
  <controlfield tag="003">DLC</controlfield>
  <controlfield tag="005">20170106092320.0</controlfield>
  <controlfield tag="008">060110n| azannaabn          |n aaa     c</controlfield>
  <datafield tag="010" ind1=" " ind2=" ">
    <subfield code="a">no2006002340</subfield>
  </datafield>
  <datafield tag="035" ind1=" " ind2=" ">
    <subfield code="a">(OCoLC)oca06823322</subfield>
  </datafield>
  <datafield tag="040" ind1=" " ind2=" ">
    <subfield code="a">IEN-Mu</subfield>
    <subfield code="b">eng</subfield>
    <subfield code="e">rda</subfield>
    <subfield code="c">IEN-Mu</subfield>
    <subfield code="d">IEN-Mu</subfield>
    <subfield code="d">DLC</subfield>
  </datafield>
  <datafield tag="046" ind1=" " ind2=" ">
    <subfield code="f">1972-06-03</subfield>
    <subfield code="2">edtf</subfield>
  </datafield>
  <datafield tag="100" ind1="1" ind2=" ">
    <subfield code="a">Schnelzer, Albert,</subfield>
    <subfield code="d">1972-</subfield>
  </datafield>
  <datafield tag="370" ind1=" " ind2=" ">
    <subfield code="c">Sweden</subfield>
  </datafield>
  <datafield tag="372" ind1=" " ind2=" ">
    <subfield code="a">Composition (Music)</subfield>
    <subfield code="2">lcsh</subfield>
  </datafield>
  <datafield tag="374" ind1=" " ind2=" ">
    <subfield code="a">Composers</subfield>
    <subfield code="2">lcsh</subfield>
  </datafield>
  <datafield tag="670" ind1=" " ind2=" ">
    <subfield code="a">Schnelzer, A. Raindance, c2003:</subfield>
    <subfield code="b">t.p. (Albert Schnelzer) t.p. verso (b. 1972)</subfield>
  </datafield>
  <datafield tag="670" ind1=" " ind2=" ">
    <subfield code="a">Albert Schnelzer WWW site, Jan. 10, 2006</subfield>
    <subfield code="b">(b. June 3, 1972, SoĚdra Visnum, Sweden; composer)</subfield>
  </datafield>
  <datafield tag="670" ind1=" " ind2=" ">
    <subfield code="a">Albert Schnelzer composer WWW site, April 10, 2013</subfield>
    <subfield code="b">(Albert Schnelzer; born June 3, 1972, VaĚrmland, Sweden)</subfield>
  </datafield>
</record>